@article{thesis,
author = {MAM},
journal = {Puget Sound Honors Theses},
year = {2017}
}

@article{beacon,
author = {MAM},
journal = {BEACON Congres Poster S},
year = {2017}
}

@article{fowler,
author = {Cole and Peremyslov and V Why and Moussaoui and Ketter and Cool and Moreno and Velupkova and Dolja and Fowler},
journal = {Plant J},
year = {Submitted for publication}
}

@article{jmm,
author = {MAM},
journal = {JMM 2017},
year = {2017}
}

@article{mbi,
author = {MAM},
journal = {MBI Capstone},
year = {2016}
}

@article{honors,
author = {MAM},
journal = {NW Honors Research Sympiosium},
year = {2016}
}

@article{smith,
author = {MAM},
journal = {Puget Sound Summer Poster S},
year = {2017}
}
